

@article{C05e, 
author={S B G Eysenck and H J Eysenck and Paul Barrett}, 
title={A revised version of the psychoticism scale}, 
volume={6}, 
journal={Personality and Individual Differences}, 
publisher={Elsevier}, 
year={1985}, 
pages={21--29},
doi={10.1016/0191-8869(85)90026-1}
}


@article{A01, 
title={Gelotophobia: {T}he fear of Being laughed at}, 
volume={22}, 
journal={Humor: International Journal of Humor Research}, 
author={Titze, Michael}, 
year={2009}, 
pages={27--48},
doi= "10.1515/humr.2009.002"
}

@article{A02, 
title={Emotional responses to ridicule and teasing: Should gelotophobes react differently}, 
volume={21}, 
doi={10.1515/humor.2008.005}, 
journal={Humor: International Journal of Humor Research}, 
author={Platt, Tracey}, 
year={2008}, 
pages={105--128}
}

@article{A03, 
title={The emotions of gelotophobes: Shameful, fearful, and joyless?}, 
volume={22}, 
doi={10.1515/humr.2009.005}, 
journal={Humor: International Journal of Humor Research}, 
author={Platt, Tracey and Ruch, Willibald}, 
year={2009}, 
pages={91--110}
}





@article{A04,
          volume = {22},
          author = {R T Proyer and W Ruch and N S Ali and H S Al-Olimat and T Amemiya and TAMIRIE ANDUALEM Adal and SADIA AZIZ Ansari and EUN JA Yeun},
           title = {Breaking ground in cross-cultural research on the fear of being laughed at (gelotophobia): A multi-national study involving 73 countries},
       publisher = {Mouton de Gruyter},
            year = {2009},
         journal = {Humor: International Journal Of Humor Research},
           pages = {253--279},
        doi={10.1515/humr.2009.012}
}



@article{A05,
volume = {52},
author = {R T Proyer and W Ruch},
title = {Dispositions towards ridicule and being laughed at: Current research on gelotophobia, gelotophilia, and katagelasticism (Editorial)},
publisher = {Pabst Science Publishers},
journal = {Psychological Test and Assessment Modeling},
pages = {49--59},
year = {2010},
howpublished = {\BRetrievedFrom{http://www.psychologie-aktuell.com/index.php?id=200/index.php?id=200}\bibnodot{.}}
}

@article{A06, 
title={Self-conscious emotions and ridicule: Shameful gelotophobes and guilt free katagelasticists}, 
volume={49}, 
doi={10.1016/j.paid.2010.03.007},
journal={Personality and Individual Differences}, 
publisher={Elsevier Ltd}, 
author={Proyer, René T and Platt, Tracey and Ruch, Willibald}, 
year={2010}, 
pages={54--58}
}

@article{A07, 
title={Assessing the fear of being laughed at (gelotophobia): First evaluation of the Danish GELOPH}, 
volume={61}, 
doi={10.1027/1901-2276.61.2.62}, 
number={2}, 
journal={Nordic Psychology}, 
author={F\"uhr, Martin and Proyer, 
Rene T and Ruch, Willibald}, 
year={2009}, 
pages={62--73}
}

@article{A08,
volume = {52},
author = {H Carretero-Dios and W Ruch and D Agudelo and T Platt and R T Proyer},
title = {Fear of being laughed at and social anxiety: A preliminary psychometric study},
publisher = {Pabst Science Publishers},
journal = {Psychological Test and Assessment Modeling},
pages = {108--124},
year = {2010},
howpublished = {\BRetrievedFrom{http://www.psychologie-aktuell.com/index.php?id=200/index.php?id=200}\bibnodot{.}}
}

@incollection{A09,
number = {6},
author = {W Ruch and R T Proyer and D E Popa},
series = {Series Humanistica},
booktitle = {Anuarul Institutului de Istorie ''G. Baritiu'' din Cluj-Napoca},
editor = {  Institutului de Istorie ``G. Baritiu'' din Cluj-Napoca},
address = {Cluj-Napoca},
title = {The fear of being laughed at (gelotophobia) and personality},
year = {2008},
pages = {53--68},
howpublished = {\BRetrievedFrom{http://www.history-cluj.ro}\bibnodot{.}}
}

@article{A10, 
title={The fear of being laughed at: Individual and group differences in Gelotophobia}, 
volume={21}, 
doi={10.1515/humr.2008.002}, 
journal={Humor: International Journal of Humor Research}, 
publisher={Mouton de Gruyter}, 
author={Willibald Ruch and R T Proyer}, 
year={2008}, 
pages={47--67}
}

@article{A11, 
title={Were they really laughed at? {T}hat much? {G}elotophobes and their history of perceived derisibility}, 
volume={22}, 
doi={10.1515/humr.2009.010}, 
journal={Humor: International Journal of Humor Research}, 
author={Proyer, Ren\'e T and Hempelmann, Christian F and Ruch, Willibald}, 
year={2009}, 
pages={213--231}
}

@article{A12, 
title={Intelligence and gelotophobia: The relations of self-estimated and Psychometrically measured intelligence to the fear of being laughed at}, 
volume={22}, 
doi={10.1515/humr.2009.008}, 
journal={Humor: International Journal of Humor Research}, 
author={Proyer, René T and Ruch, Willibald}, 
year={2009}, 
pages={165--181}
}

@article{A13, 
title={Extending the study of gelotophobia: On gelotophiles and katagelasticists}, 
volume={22}, 
doi={10.1515/humr.2009.009}, 
journal={Humor: International Journal Of Humor Research}, 
author={Willibald Ruch and René T Proyer}, 
year={2009}, 
pages={183--212}
}

@article{A14, 
title={Who is gelotophobic? {A}ssessment criteria for the fear of being laughed at}, 
volume={67}, 
doi={10.1024/1421-0185.67.1.19}, 
journal={Swiss Journal of Psychology}, 
publisher={Hogrefe & Huber}, 
author={Ruch, Willibald and Proyer, René T}, 
year={2008}, 
pages={19--27}
}

@article{A15, 
title={Just teasing: A conceptual analysis and empirical review}, 
volume={127}, 
doi={10.1037//0033-2909.127.2.229}, 
journal={Psychological Bulletin}, 
publisher={American Psychological Association}, 
author={Keltner, D and Capps, L and Kring, A M and Young, R C and Heerey, E A}, 
year={2001}, 
pages={229--248}
}

@Article{A15b,
AUTHOR = {Warm, T R},
TITLE = {The role of teasing in development and vice versa},
JOURNAL = {Journal of Developmental \& Behavioral Pediatrics},
VOLUME = {18},
YEAR = {1997},
PAGES = {97-101},
PubMedID = {9113590},
ISSN = {0196-206X},
DOI={10.1097/00004703-199704000-00004}
}

@article{A16, 
title={Who fears being laughed at? {T}he location of gelotophobia in the {E}ysenckian {PEN}-model of personality}, 
volume={46}, 
doi={10.1016/j.paid.2009.01.004}, 
journal={Personality and Individual Differences}, 
publisher={Elsevier Ltd}, 
author={Ruch, Willibald and Proyer, René T}, 
year={2009}, 
pages={627--630}
}



@article{A17, 
title={Antisocial and Prosocial Teasing Among Children: Perceptions and Individual Differences}, 
volume={13}, 
doi={10.1111/j.1467-9507.2004.000268.x}, 
journal={Social Development}, 
author={Barnett, Mark A and Burns, Susan R and Sanborn, Fred W and Bartel, Jeffrey S and Wilds, Stacey J}, 
year={2004}, 
pages={292--310}
}

@article{A18, 
title={The Perception of Teasing Scale (POTS): a revision and extension of the Physical Appearance Related Teasing Scale (PARTS)}, 
volume={65}, 
doi={10.1207/s15327752jpa6501\_11}, 
journal={Journal of Personality Assessment}, 
author={Thompson, J K and Cattarin, J and Fowler, B and Fisher, E}, 
year={1995}, 
pages={146--157}
}

@article{A19, 
title={The Teasing Questionnaire-Revised: Measurement of childhood teasing in adults}, 
volume={19}, 
doi={10.1016/j.janxdis.2004.09.005}, 
journal={Journal of Anxiety Disorders}, 
publisher={Elsevier Science}, 
author={Strawser, Melissa S and Storch, Eric A and Roberti, Jonathan W}, 
year={2005}, 
pages={780--792}
}

@article{A20, 
title={Understanding teasing: Lessons from children with autism}, 
volume={33}, 
doi={10.1007/s10802-005-0934-z}, 
journal={Journal of Abnormal Child Psychology}, 
author={Heerey, Erin A and Capps, Lisa M and Keltner, Dacher and Kring, Ann M}, 
year={2005}, 
pages={55--68}
}

@article {A21,
author = {Endo, Yumi},
title = {Divisions in subjective construction of teasing incidents: Role and social skill level in the teasing function},
journal = {Japanese Psychological Research},
volume = {49},
publisher = {Blackwell Publishing Asia},
issn = {1468-5884},
doi = {10.1111/j.1468-5884.2007.00338.x},
pages = {111--120},
year = {2007}
}

@article {A22,
author = {David J A Dozois and Rod A Martin and Kim R Edwards},
title = {The fear of being laughed at, social anxiety, and memories of being teased during childhood},
journal = {Psychological Test and Assessment Modeling},
volume = {52},
publisher = {Pabst Science Publishers},
issn = {2190-0493},
pages = {94--107},
year = {2010},
howpublished = {\BRetrievedFrom{http://www.psychologie-aktuell.com/index.php?id=200/index.php?id=200}\bibnodot{.}},
}

@article {A23,
author = {Jones, Diane Carlson and Newman, Jodi Burrus and Bautista, Shenna},
title = {A Three-factor Model of Teasing: The Influence of Friendship, Gender, and Topic on Expected Emotional Reactions to Teasing during Early Adolescence},
journal = {Social Development},
volume = {14},
publisher = {Blackwell Publishing Ltd.},
issn = {1467-9507},
doi = {10.1111/j.1467-9507.2005.00309.x},
pages = {421--439},
keywords = {teasing, early adolescence, friendship, gender differences},
year = {2005}
}

@article{A24, 
title={Intentions in teasing: When ``just kidding'' just isn't good enough}, 
volume={90}, 
journal={Journal of Personality and Social Psychology}, 
author={Kruger, Justin and Gordon, Cameron L and Kuban, Jeff}, 
year={2006}, 
pages={412--425},
doi={10.1037/0022-3514.90.3.412}
}

@article{A25, 
title={Teasing, ridiculing and the relation to the fear of being laughed at in individuals with {A}sperger's syndrome}, 
volume={41}, 
doi={10.1007/s10803-010-1071-2},
journal={Journal of Autism and Developmental Disorders}, 
author={Samson, Andrea C and Huber, Oswald and Ruch, Willibald}, 
year={2011}, 
pages={475--483}
}

@article {A26,
   author = {Faith, Melissa and Storch, Eric and Roberti, Jonathon and Ledley, Deborah},
   affiliation = {University of Florida Department of Psychiatry and Pediatrics P.O. Box 100234 Gainesville FL 32610 USA},
   title = {Recalled Childhood Teasing among Non-Clinical, Non-College Adults},
   journal = {Journal of Psychopathology and Behavioral Assessment},
   publisher = {Springer Netherlands},
   issn = {0882-2689},
   keyword = {Psychologie und Verhalten},
   volume = {30},
   doi = {10.1007/s10862-007-9062-0},
   year = {2008}
}

@article{A27, 
title={``{I} was Only Kidding!'': Victims' and Perpetrators' Perceptions of Teasing}, 
volume={26}, 
doi={10.1177/0146167200264009}, 
journal={Personality and Social Psychology Bulletin}, 
author={Kowalski, R M}, 
year={2000}, 
pages={231--241}
}

@article{A28, 
title={{``Just teasing...'':} {P}ersonality Effects on Perceptions and Life Narratives of Childhood Teasing}, 
volume={25}, 
doi={10.1177/0146167299258007}, 
journal={Personality and Social Psychology Bulletin}, 
author={Georgesen, J C and Harris, M J and Milich, R and Young, J}, 
year={1999}, 
pages={1254--1267}
}

@article{A29,
volume = {52},
author = {W Ruch and R T Proyer and L Ventis},
title = {The relationship of teasing in childhood to the expression of gelotophobia in adults},
publisher = {Pabst Science Publishers},
journal = {Psychological Test and Assessment Modeling},
pages = {77--93},
year = {2010},
howpublished = {\BRetrievedFrom{http://www.psychologie-aktuell.com/index.php?id=200/index.php?id=200}\bibnodot{.}}
}


@article{A30,
 title = {An Introduction to the Five-Factor Model and Its Applications},
 author={R R McCrae and O P John},
 doi = {10.1111/j.1467-6494.1992.tb00970.x},
 journal = {Journal of Personality},
 pages = {175--215},
 publisher = {Blackwell Publishing Ltd},
 volume = {60},
 year = {1992}
}

@article{A31, 
title={The {A}utism-{S}pectrum {Q}uotient ({AQ}): Evidence from {A}sperger syndrome/high-functioning autism, males and females, scientists and mathematicians}, 
volume={31}, 
journal={Journal of Autism and Developmental Disorders}, 
publisher={Springer}, 
author={Baron-Cohen, S and Wheelwright, S and Skinner, R and Martin, J and Clubley, E}, 
year={2001}, 
pages={5--17},
howpublished = {\BRetrievedFrom{http://www.springer.com/psychology/child+\%26+school+psychology/journal/10803}\bibnodot{.}}
}


@article{A32, 
title={Evaluation der deutschen {V}ersion des {A}utismus-{S}pektrum-{Q}uotienten ({AQ}) -- die {K}urzversion {AQ}-k}, 
volume={36}, 
journal={Zeitschrift f\"ur Klinische Psychologie und Psychotherapie}, 
author={Freitag, C M and Retz-Junginger, P and Retz, W and Seitz, C and Palmason, H and Meyer, J and R\"osler, M and Von Gontard, A}, 
year={2007}, 
pages={280--289}
}

@article{A33, 
title={Perception of aggressive humor in relation to gelotophobia, gelotophilia, and katagelasticism}, 
volume={52}, 
howpublished ={\BRetrievedFrom{http://www.psychologie-aktuell.com/index.php?id=200/index.php?id=200}\bibnodot{.}},
journal={Psychological Test and Assessment Modeling}, 
author={Samson, Andrea C and Meyer, Yonni}, 
year={2010}, 
pages={217--230}
}

@article{A34, 
title={Investigating the humor of gelotophobes: Does feeling ridiculous equal being humorless?}, 
volume={22}, 
doi={10.1515/humr.2009.006}, 
journal={Humor International Journal of Humor Research}, 
author={Ruch, Willibald and Beermann, Ursula and Proyer, Ren\'e T}, 
year={2009}, 
pages={111--143}
}

@Article{A46,
AUTHOR = {Sellschopp-R\"uppell, A and von Rad, M},
TITLE = {Pinocchio - {A} psychosomatic syndrome},
JOURNAL = {Psychotherapy and Psychosomatics},
VOLUME = {28},
YEAR = {1977},
PAGES = {357},
PubMedID = {609694},
ISSN = {0033-3190},
doi={10.1159/000287082}
}

@Article{A45,
AUTHOR = {Sellschopp-R\"uppell, A and von Rad, M},
TITLE = {Pinocchio - a psychosomatic syndrome},
JOURNAL = {Psychotherapy and Psychosomatics},
VOLUME = {28},
YEAR = {1977},
PAGES = {357},
PubMedID = {609694},
ISSN = {0033-3190},
doi={10.1159/000287082}
}


@article{A47, 
title={The relationship between Eysenck's P-E-N model of personality, the five-factor model of personality, and traits delineating personality dysfunction}, 
volume={33}, 
doi={10.1016/s0191-8869(01)00132-5}, 
journal={Personality and Individual Differences}, 
author={Larstone, R and Jang, K and Livesley, W and Vernon, P and Wolf, H}, 
year={2002}, 
pages={25--37}
}

@article{A49,
    author = {David Rawlings and Tsu Ann Tham and Jessica Milner Davis},
    journal = {Psychological Test and Assessment Modeling},
    pages = {161--170},
    title = {{Gelotophobia, personality and emotion ratings following emotion-inducing scenarios}},
    volume = {52},
    year = {2010},
    howpublished = {\BRetrievedFrom{http://www.psychologie-aktuell.com/index.php?id=200/index.php?id=200}\bibnodot{.}},
}

@inbook{A49b,
author={John, O. P. and Srivastava, S.},
title={The Big Five Trait taxonomy: History, measurement, and theoretical perspectives},
editor={L. A. Pervin and O. P. John},
booktitle={Handbook of Personality: Theory and Research},
pages={102--138},
publisher={New York, NY: Guildford Press},
year={1999}
}

@article{A48,
    author = {Ren\'e T. Proyer and Willibald Ruch},
    journal = {Psychological Test and Assessment Modeling},
    pages = {148--160},
    title = {{Enjoying and fearing laughter: Personality characteristics of gelotophobes, gelotophiles, and katagelasticists}},
    volume = {52},
    year = {2010},
    howpublished = {\BRetrievedFrom{http://www.psychologie-aktuell.com/index.php?id=200/index.php?id=200}\bibnodot{.}},
}

@article{A50,
    author = {René T. Proyer and Willibald Ruch},
    journal = {Psychological Test and Assessment Modeling},
    pages = {148--160},
    title = {{Enjoying and fearing laughter: Personality characteristics of gelotophobes, gelotophiles, and katagelasticists}},
    volume = {52},
    year = {2010},
    howpublished = {\BRetrievedFrom{http://www.psychologie-aktuell.com/index.php?id=200/index.php?id=200}\bibnodot{.}},
}

@INBOOK{A51,
 title = {Humor [Playfulness]},
  publisher={American Psychological Association},
address={Washington, DC},
 year = {2004},
 editor = {Paul E McGhee and Jeffrey H Goldstein},
 author = {W Ruch},
 booktitle ={Character Strengths and Virtues: A Handbook and Classification},
 pages={583--598}
}

@INBOOK{A52,
 title = {Psychology of humor},
  author = {Ruch, W},
booktitle = {The Primer of Humor Research},
 publisher = {Mouton de Gruyter},
address={Berlin, Germany},
 year = {2010},
editor={Victor Raskin},
 pages = {17--100}
}



@inbook{A52b,
	author = {W Ruch},
	editor = {Alfred Kaszniak},
	title = {The perception of humor},
	booktitle = {Emotions, Qualia, and Consciousness},
	publisher={World Scientific},
	address ={London, England},
	year = {2001},
	pages = {410--425},
	doi = {10.1142/4298}
}

@article{A53, 
title={Extreme fear of being laughed at: Components of gelotophobia}, 
journal={The Israeli Journal of Humor Research: An International Journal}, 
author={Platt, T. and Ruch, W and Hofmann, J and R T Proyer},
year = {2012},
howpublished = {\BRetrievedFrom{http://www.israeli-humor-studies.org/122789/The-International-Journal-ISJHR}\bibnodot{.}},
pages = {86--106}
}

@inbook{A57,
    address = {New York, NY},
    author = {Ekman, Paul},
    booktitle = {Handbook of Cognition and Emotion},
    editor = {Dalgleish, Tim and Power, Mick J.},
    pages = {45--60},
    publisher = {John Wiley \& Sons Ltd},
    title = {Basic emotions},
    year = {1999}
}

@article{A58,
author = {Ruch, Willibald and K\"{o}hler, Gabriele and {Van Thriel}, Christoph},
doi = {10.1515/humr.1996.9.3-4.303},
journal = {Humor: International Journal of Humor Research},
pages = {303--340},
title = {Assessing the ``humorous temperament'': Construction of the facet and standard trait forms of the {State-Trait-Cheerfulness-Inventory} -- {STCI}},
volume = {9},
year = {1996}
}

@article {A59,
	author = {Ruch, Willibald and K\"{o}hler, Gabriele and {Van Thriel}, Christoph},
	title = {To be in good or bad humour: Construction of the state form of the {S}tate-{T}rait-{C}heerfulness-{I}nventory-{STCI}},
	journal = "Personality and Individual Differences",
	volume = "22",
	year = "1997",
	pages = "477-491",
	doi = "10.1016/s0191-8869(96)00231-0"
}


@inbook{A60,
  title={Sense of humor: A new look at an old concept},
  booktitle={The Sense of Humor: Explorations of a Personality Characteristic},
  author={Ruch, W.},
  editor={Ruch, W.},
  isbn={9783110162073},
  series={Mouton Select},
  year={1998},
  pages={3--14},
  publisher={Mouton de Gruyter},
  address={Berlin, Germany}
}


@article{A61,
    author = {Moskowitz, Andrew K.},
    doi = {10.1037/0033-295x.111.4.984},
    journal = {Psychological Review},
    pages = {984--1002},
    priority = {2},
    title = {{``Scared stiff'':} {C}atatonia as an Evolutionary-Based Fear Response.},
    volume = {111},
    year = {2004}
}

@inbook{A62,
    author = {Tracey Platt and Giovannantonio Forabosco},
    booktitle = {Humor and Health Promotion},
    editor = {Paola Gremigni},
    pages = {229--252 },
    address={Bologna, Italy},
    publisher = {University of Bologna},
    title = {Gelotophobia: The fear of being laughed at},
    year = {2012},
    ISBN={978-1-61942-657-3}
}



@article{A64,
    author = {K R Edwards and Rod A Martin and David J A Dozois},
    journal = {Psychological Test and Assessment Modeling},
    pages = {94--107},
    title = {The fear of being laughed at, social anxiety, and memories of being teased during childhood},
    volume = {52},
    year = {2010},
    howpublished = {\BRetrievedFrom{http://www.psychologie-aktuell.com/index.php?id=200/index.php?id=200}\bibnodot{.}}
}




@article{A65,
          volume = {47},
          author = {I Papousek and W Ruch and H H Freudenthaler and E Kogler  and B Lang and G Schulter},
           title = {Gelotophobia, emotion-related skills and responses to the affective states of others},
       publisher = {Elsevier},
         journal = {Personality and Individual Differences},
           pages = {58--63},
            year = {2009}
}


@article{A66,
Author = {Martin, Rod A. and Puhlik-Doris, Patricia and Larsen, Gwen and Gray, Jeanette and Weir, Kelly},
Journal = {Journal of Research in Personality},
Pages = {48 -- 75},
Title = {Individual differences in uses of humor and their relation to psychological well-being: Development of the Humor Styles Questionnaire.},
Volume = {37},
DOI = {10.1016/s0092-6566(02)00534-2},
Year = {2003},
}


@article {A67,
author = {Ibarra-Rovillard, M. Sol and Kuiper, Nicholas A.},
title = {The effects of humor and depression labels on reactions to social comments},
journal = {Scandinavian Journal of Psychology},
volume = {52},
publisher = {Blackwell Publishing Ltd},
doi = {10.1111/j.1467-9450.2011.00884.x},
pages = {448--456},
keywords = {Humor use, humor styles, depression, social relationships},
year = {2011},
}

@Book{A67b,
author = {R A Martin},
title = {The psychology of humor: An integrative approach},
isbn = {978-0123725646},
publisher = {World Scientific Publisher},
address={Tokyo, Japan},
year = {2007}
}


@article{A68,
Author = {Gloria Grases Colom and Cristina Tr\'{i}as Alcover and Cristian  S\'{a}nchez-Curto and Juan Z\'{a}rate-Osuna},
ISSN = {1137-9685},
Journal = {Psychology in Spain},
Pages = {9 -- 21},
Title = {Study of the effect of positive humour as a variable that reduces stress. {R}elationship of humour with personality and performance variables},
Volume = {15},
Year = {2011},
howpublished = {\BRetrievedFrom{http://www.psychologyinspain.com}\bibnodot{.}}
}


@article{A69,
author = {Mesmer-Magnus, Jessica and Glew, David J. and Viswesvaran, Chockalingam},
	title = {A meta-analysis of positive humor in the workplace},
	journal = {Journal of Managerial Psychology},
	volume = {27},
	year = {2012},
	pages = {155 -- 190},
	doi = {10.1108/02683941211199554}
}


@article {temint09,
author = {Blickle, Gerhard and Momm, Tassilo S. and Kramer, Jochen and Mierke, Jan and Liu, Yongmei and Ferris, Gerald R.},
title = {Construct and Criterion-Related Validation of a Measure of Emotional Reasoning Skills: A two-study investigation},
journal = {International Journal of Selection and Assessment},
volume = {17},
publisher = {Blackwell Publishing Ltd},
issn = {1468-2389},
doi = {10.1111/j.1468-2389.2009.00455.x},
pages = {101--118},
year = {2009},
}

@article {temint10,
author = {Gerhard Blickle and Jochen Kramer and Jan Mierke},
title = {Telephone-Administered Intelligence Testing for Research in Work and Organizational Psychology},
volume = {26},
pages = {154--161},
journal = {European Journal of Psychological Assessment},
year = {2010},
publisher = {Hogrefe Publishing},
doi={10.1027/1015-5759/a000022}
}

@article {temint11,
author = { G. Blickle and T. S. Momm and Y. Liu  and A. Witzki  and Steinmayr, R.},
year = {2011},
title = {Construct validation of the {T}est of {E}motional {I}ntelligence ({TEMINT}): A two-study investigation},
journal = {European Journal of Psychological Assessment},
volume = {27},
pages = {282--289},
doi = {10.1027/1015-5759/a000075}
}


@article{aq01,
  
    author = {Cohen, S. Baron and Wheelwright, S. and Skinner, R. and Martin, J. and Clubley, E.},
    journal = {Journal of Autism and Developmental Disorders},
    pages = {5--17},
    title = {The {A}utism {S}pectrum {Q}uotient ({AQ}): {E}vidence from {A}sperger syndrome/high-functioning autism, males and females, scientists and mathematicians},
    volume = {31},
    year = {2001},
doi = {10.1023/a:1005653411471}
}



@Article { aq07,
   title = {Factor structure, reliability and criterion validity of the {A}utism-{S}pectrum {Q}uotient (AQ): A study in {D}utch population and patient groups},
   journal = {Journal of Autism and Developmental Disorders},
   year = {2008},
   month = {9},
   day = {1},
   volume = {38},
   pages = {1555--1566},
   DOI = {10.1007/s10803-008-0538-x},
   author = {Hoekstra, R.A. and Bartels, M. and Cath, D.C. and Boomsma, D.I.}
}



@inbook{H01,
	author = {Shpresa Jashari},
	editor = {H Kotthoff and S Jashari and D Klingenberg },
	title = {Kalt seien sie geworden, kalt wie die {D}eutschen! {D}ie {D}arstellung von {M}igrant{I}nnen in transnationalen {K}osovo-albanischen {S}ketchproduktionen},
	booktitle = {Komik (in) der {M}igrationsgesellschaft},
	year = {2013},
	pages = {141--196},
	isbn = {978-3867643696},
	publisher={UVK Verlagsgesellschaft},
	address={Konstanz, Deutschland}
}



@Book{ B01,
author = {Lewis, Michael},
title = {Shame: The exposed self},
isbn = {0029188814},
publisher = {Maxwell Macmillan International},
address ={Toronto, Canada},
year = { 1992 },
language = { English },
}

@INBOOK{B02a,
 title = {Disparagement Humor},
 publisher = {Springer-Verlag},
 year = {1983},
 editor = {Paul E McGhee and Jeffrey H Goldstein},
address ={New York, NY},
 author = {D Zillmann},
 booktitle = {Handbook of Humor Research},
}

@book{B03,
  title={The Emotions},
  author={Frijda, N H},
  isbn={9780521316002},
  series={Studies in Emotion and Social Interaction},
  year={1986},
  publisher={Cambridge University Press},
  address={Cambridge, England}
}

@book{B04,
title = {Self-conscious emotions: {T}he psychology of shame, guilt, embarrassment, and pride },
author = {Tangney, June Price and Fischer, Kurt W.},
address = {New York, NY},
publisher = {Guilford Press},
year = {1995},
}



@book{C01a,
title={Relationship among perceptions of teasing, self-esteem, depression, coping strategies and body image among obese adolescents},
author={Porter, J. S.},
isbn={9780549644040},
year={2008},
publisher={Virginia Commonwealth University},
address={Virginia, FL}
}

@phdThesis{C01c,
title={Teasing in everyday life},
author={Beck, J.M.},
year={2001},
publisher={University of California, Berkeley}
}


@article{C04c,
title={Jeer pressures: The behavioral effects of observing ridicule of others},
author={L M Janes and J M Olson},
year={2000},
journal={Personality \& Social Psychology Bulletin},
volume={26},
pages={474--485},
doi={10.1177/0146167200266006}
}

@article{C04b, 
title={Sharing a laugh: Pragmatic aspects of humor and gender in the workplace}, 
volume={38}, 
doi={10.1016/j.pragma.2005.06.007},
journal={Journal of Pragmatics}, 
author={Holmes, Janet}, 
year={2006}, 
pages={26--50}
}

@article{C04a,
 author = {Ford, Thomas E. and Ferguson, Mark A.},
 doi = {10.1207/s15327957pspr0801/4},
 journal = {Personality and Social Psychology Review},
 pages = {79--94},
 title = {Social Consequences of Disparagement Humor: A Prejudiced Norm Theory},
 volume = {8},
 year = {2004}
}


@article {C05a,
author = {Eysenck, S. B. G. and Eysenck,H. J.},
title = {The Measurement of Psychoticism: A Study of Factor Stability and Reliability},
journal = {British Journal of Social and Clinical Psychology},
volume = {7},
publisher = {Blackwell Publishing Ltd},
issn = {2044-8260},
doi = {10.1111/j.2044-8260.1968.tb00571.x},
pages = {286--294},
year = {1968}
}


@article{C05b,
author = {Eysenck, S. B. G. and Eysenck, H. J.},
title = {The questionnaire measurement of psychoticism},
journal = {Psychological Medicine},
volume = {2},
pages = {50--55},
year = {1972},
doi = {10.1017/s0033291700045608}
}


@book{C05c,
  title={Manual of the {E}ysenck {P}ersonality {Q}uestionnaire (junior and adult)},
  author={Eysenck, H. J. and Eysenck, S. B. G.},
  year={1975},
  publisher={Hodder and Stoughton},
  address={London, England}
}



@book{C05d,
  title={Personality and individual differences: a natural science approach},
  author={Eysenck, H. J. and Eysenck, M. W.},
  isbn={9780306418440},
  lccn={84024851},
  series={Perspectives on individual differences},
  year={1985},
  publisher={Plenum Press}
}


@book{C05f, 
title={Manual of the {E}ysenck {P}ersonality {S}cales}, 
publisher={Hodder and Stoughton}, 
author={Eysenck, Hans Jurgen and Eysenck, Sybil B G}, 
year={1991},
address={London, England}
}

@article{C05g,
address = {Germany},
author = {Ruch, Willibald},
doi = {10.1024//0170-1789.20.1.1},
issn = {0170-1789(Print)},
journal = {Zeitschrift f\"{u}r Differentielle und Diagnostische Psychologie},
keywords = {construction \& validity of German standard \& short},
pages = {1--24},
publisher = {Hogrefe \& Huber Publishers},
title = {{Die revidierte Fassung des Eysenck Personality Questionnaire und die Konstruktion des deutschen EPQ-R bzw. EPQ-RK}},
volume = {20},
year = {1999}
}


@inbook{C06h, 
title={The assessment of bullying}, 
publisher={New York, NY: Routledge}, 
editor={Shane R. Jimerson and Susan M. Swearer and Dorothy L. Espelage},
booktitle = {The Handbook of Bullying in Schools: An International Perspective}, 
pages={265--276}, 
author={Cornell, D and Bandyopadhyay, S}, 
year={2010}
}

@Article{M01,
AUTHOR = {Rim\'e, B and Philippot, P and Cisamolo, D},
TITLE = {Social schemata of peripheral changes in emotion},
JOURNAL = {Journal of Personality and Social Psychology},
VOLUME = {59},
YEAR = {1990},
PAGES = {38--49},
PubMedID = {2213487},
ISSN = {0022-3514},
DOI = {10.1037/0022-3514.59.1.38}
}


@conference{P01, 
author={W Ruch},
year={2002},
title={Humor research},
booktitle={Keynote speech presented at the International Society of Humour Studies Conference {I}taly, 3--7 {J}uly}
}



@article{temint02
, Author = {Schmidt-Atzert, L. and B\"uhner, M.}
, title = {Development of a Performance Measure of Emotional Intelligence}
, journal = {Paper presented at the 43rd congress of the German Psychological Society. Humboldt-Universit\"at, Berlin, Germany}
, year = {2002}
}

@article{titze96,
author= {Titze, M.},
title={The {P}inocchio {C}omplex: {O}vercoming the fear of laughter},
journal={{Humor \& Health Journal}}, 
 Volume={5}, 
year={1996}, 
pages={1--11},
howpublished = {\BRetrievedFrom{http://www.humor.ch}\bibnodot{.}}
}

@inbook{titze97, 
author={Titze, M.},
title={{Das Komische als schamausl\"osende Bedingung}},
editor = {R. K{\"u}hn and M. Raub and M. Titze},
booktitle = {Scham - ein menschliches {G}ef{\"u}hl},
address = {Opladen, Germany},
publisher = {Westdeutscher Verlag}, 
year={1997}, 
pages={169--178}
}

@misc{plat12,
author={Damian Hiltebrand and Tracey Platt and Willi Ruch and Jenny Hofmann},
title={{P}erception of {L}aughter {T}est ({PLaT})},
howpublished={Unpublished research instrument. Department of Psychology, University of Zurich, Switzerland},
year={2012}
}


@unpublished{rtsq10,
author={Tracey Platt},
title={Ridicule Teasing Scenarios questionnaire (14 scenarios version)},
howpublished={Unpublished research instrument. Department of Psychology, University of Zurich, Switzerland},
year={2010}
}

@article{gelophswiss,
author = {A C Samson and R T Proyer and G Ceschi and P P Pedrini and W Ruch},
year={2011},
title={The fear of being laughed at in {S}witzerland: Regional differences and the role of positive psychology},
journal={Swiss Journal of Psychology}, 
volume={70},
pages={53--62},
doi={10.1024/1421-0185/a000039}
}
